 
@misc{ wiki:fscore,
   author = "Wikipedia",
   title = "F1 score --- Wikipedia{,} The Free Encyclopedia",
   year = "2016",
   url = "\url{https://en.wikipedia.org/w/index.php?title=F1_score&oldid=703225135}",
   note = "[Online; accessed 9-May-2016]"
}
 
@misc{ wiki:pandr,
   author = "Wikipedia",
   title = "Precision and recall --- Wikipedia{,} The Free Encyclopedia",
   year = "2016",
   url = "\url{https://en.wikipedia.org/w/index.php?title=Precision_and_recall&oldid=704896315}",
   note = "[Online; accessed 9-May-2016]"
   }
 
 @misc{kotsiantis2007supervised,
  title={Supervised machine learning: A review of classification techniques},
  author={Kotsiantis, Sotiris B and Zaharakis, I and Pintelas, P},
  year={2007}
}

@article{russell1995modern,
  title={A modern approach},
  author={Russell, Stuart and Norvig, Peter and Intelligence, Artificial},
  journal={Artificial Intelligence. Prentice-Hall, Egnlewood Cliffs},
  volume={25},
  pages={27},
  year={1995},
  publisher={Citeseer}
}

@article{kohavi1997improving,
  title={Improving simple bayes},
  author={Kohavi, Ron and Becker, Barry and Sommerfield, Dan},
  year={1997},
  publisher={Citeseer}
}

@book{rajaraman2012mining,
  title={Mining of massive datasets},
  author={Rajaraman, Anand and Ullman, Jeffrey D and Ullman, Jeffrey David and Ullman, Jeffrey David},
  volume={1},
  year={2012},
  publisher={Cambridge University Press Cambridge}
}

@misc{bishop2007pattern,
  title={Pattern Recognition and Machine Learning (Information Science and Statistics), 1st edn. 2006. corr. 2nd printing edn},
  author={Bishop, C},
  year={2007},
  publisher={Springer, New York}
}

@book{murphy2012machine,
  title={Machine learning: a probabilistic perspective},
  author={Murphy, Kevin P},
  year={2012},
  publisher={MIT press}
}

@article{park2013introduction,
  title={An introduction to logistic regression: from basic concepts to interpretation with particular attention to nursing domain},
  author={Park, Hyeoun},
  journal={Journal of Korean Academy of Nursing},
  volume={43},
  number={2},
  pages={154--164},
  year={2013}
}

@inproceedings{kohavi1995study,
  title={A study of cross-validation and bootstrap for accuracy estimation and model selection},
  author={Kohavi, Ron and others},
  booktitle={Ijcai},
  volume={14},
  pages={1137--1145},
  year={1995}
}

@book{andrienko2006exploratory,
  title={Exploratory analysis of spatial and temporal data: a systematic approach},
  author={Andrienko, Natalia and Andrienko, Gennady},
  year={2006},
  publisher={Springer Science \& Business Media}
}

 @misc{ wiki:stat,
   author = "Wikipedia",
   title = "Statistical classification --- Wikipedia{,} The Free Encyclopedia",
   year = "2016",
   url = "https://en.wikipedia.org/w/index.php?title=Statistical_classification&oldid=714726620",
   note = "[Online; accessed 9-May-2016]"
 }

 @misc{ wiki:curse,
   author = "Wikipedia",
   title = "Curse of dimensionality --- Wikipedia{,} The Free Encyclopedia",
   year = "2016",
   url = "https://en.wikipedia.org/w/index.php?title=Curse_of_dimensionality&oldid=715536863",
   note = "[Online; accessed 9-May-2016]"
 }
 
  @misc{ wiki:confusion,
   author = "Wikipedia",
   title = "Confusion matrix --- Wikipedia{,} The Free Encyclopedia",
   year = "2016",
   url = "https://en.wikipedia.org/w/index.php?title=Confusion_matrix&oldid=712294830",
   note = "[Online; accessed 9-May-2016]"
 }
 
  @misc{ wiki:bfgs,
   author = "Wikipedia",
   title = "Broyden–Fletcher–Goldfarb–Shanno algorithm --- Wikipedia{,} The Free Encyclopedia",
   year = "2016",
   url = "https://en.wikipedia.org/w/index.php?title=Broyden%E2%80%93Fletcher%E2%80%93Goldfarb%E2%80%93Shanno_algorithm&oldid=711674213",
   note = "[Online; accessed 9-May-2016]"
 }
 
  @misc{ wiki:tfidf,
   author = "Wikipedia",
   title = "Tf–idf --- Wikipedia{,} The Free Encyclopedia",
   year = "2016",
   url = "https://en.wikipedia.org/w/index.php?title=Tf%E2%80%93idf&oldid=718814478",
   note = "[Online; accessed 9-May-2016]"
 }